<?xml version="1.0" encoding="UTF-8"?><record xmlns="http://www.loc.gov/MARC21/slim" xmlns:cinclude="http://apache.org/cocoon/include/1.0" xmlns:zs="http://www.loc.gov/zing/srw/">
  <leader>00426nz  a2200121n  4500</leader>
  <controlfield tag="001">n  95119585 </controlfield>
  <controlfield tag="003">DLC</controlfield>
  <controlfield tag="005">19951213144851.9</controlfield>
  <controlfield tag="008">951213n| acannaab|          |n aaa |||  </controlfield>
  <datafield tag="010" ind1=" " ind2=" ">
    <subfield code="a">n  95119585 </subfield>
  </datafield>
  <datafield tag="040" ind1=" " ind2=" ">
    <subfield code="a">DLC</subfield>
    <subfield code="c">DLC</subfield>
  </datafield>
  <datafield tag="100" ind1="1" ind2="0">
    <subfield code="a">Lumpkin, Lynda C.</subfield>
    <subfield code="q">(Lynda Casanova)</subfield>
  </datafield>
  <datafield tag="670" ind1=" " ind2=" ">
    <subfield code="a">Helpings of hope, c1993:</subfield>
    <subfield code="b">p. [6] (Lynda C. Lumpkin) p. [4] (Lynda Casanova Lumpkin is the initiator, creator, editor, and publisher of "Helpings of hope")</subfield>
  </datafield>
</record>